@manual{RFAQ,
   Author = {Hornik, K.},
   Title = {The {R} {FAQ}: Frequently Asked Questions on R (version 2.3.2006-07-13)},
   Note = {{ISBN} 3-900051-08-9 \url{http://CRAN.R-project.org/doc/FAQ/}},
   Year = {2006},
}

@book{GautierC1982a,
   Author = {Gautier, C. and Gouy, M. and Jacobzone, M. and Grantham, R.},
   Title = {Nucleic acid sequences handbook. Vol. 1.},
   Publisher = {Praeger Publishers},
   Address = {London, UK},
   Note = {{ISBN} 0-275-90798-8},
   Year = {1982}
}

@book{GautierC1982b,
   Author = {Gautier, C. and Gouy, M. and Jacobzone, M. and Grantham, R.},
   Title = {Nucleic acid sequences handbook. Vol. 2.},
   Publisher = {Praeger Publishers},
   Address = {London, UK},
   Note = {{ISBN} 0-275-90799-6},
   Year = {1982}
}

@article{R,
   Author = {Ihaka, R. and Gentleman, R.}, 
   Title = {R: A Language for Data Analysis and Graphics},
   Journal = {J. Comp. Graph. Stat.},
   Volume = {3},
   Pages = {299-314},
 Year = {1996}
}

@Manual{RfromR,
    title = {R: A Language and Environment for Statistical Computing},
    author = {{R Development Core Team}},
    organization = {R Foundation for Statistical Computing},
    address = {Vienna, Austria},
    year = {2006},
    note = {{ISBN} 3-900051-07-0},
    url = {http://www.R-project.org},
}

@article{Sweave,
   Author="Leisch, F.",
   Title="Sweave: Dynamic generation of statistical reports using literate data analysis",
   Journal="Proceedings in Computational Statistics",
   Year="2002",
   Volume="Compstat 2002",
   Pages="575-580"
}

@patent{wheel,
   Author="Keogh, J.",
   Title="Circular transportation facilitation device",
   organization ="Australian Patent Office",
   Year="2001",
   number ="AU 2001100012 A4",
   url="www.ipmenu.com/archive/AUI_2001100012.pdf"
}

@article{lobrysueoka,
  author = {Lobry, J.R. and Sueoka, N.},
  title = {Asymmetric directional mutation pressures in bacteria.},
  journal = {Genome Biology},
  year = {2002},
  volume = {3},
  number = {10},
  pages = {research0058.1-research0058.14},
  url = {http://genomebiology.com/2002/3/10/research/0058}
}

@inbook{repro,
  author =  {J. Buckheit and D. L. Donoho},
  title =  {Wavelets and Statistics},
  chapter =  {Wavelab and reproducible research},
  publisher =  {Springer-Verlag},
  year =  1995,
  address =  {Berlin, New York},
  note = {A. Antoniadis editor}
}

@article{fifine,
  author = { D Charif and  J Thioulouse and  J R Lobry and  G Perrière},
  title = {Online synonymous codon usage analyses with the ade4 and seqin{R} packages.},
  journal = {Bioinformatics},
  year = {2005},
  volume = {21},
  number = {4},
  pages = {545-7},
  url = {http://pbil.univ-lyon1.fr/members/lobry/repro/bioinfo04/}
}

@article{chargaff,
   Author = {Rudner, R. and Karkas, J.D. and Chargaff, E.}, 
   Title = {Separation of microbial deoxyribonucleic acids into complementary strands},
   Journal = {Proceedings of the National Academy of Sciences of the United States of America},
   Volume = {63},
   Pages = {152-159},
   Year = {1969}
}

@article{lobrylncs,
   Author = {Lobry, J.R.}, 
   Title = {Life history traits and genome structure: aerobiosis and {G+C} content in bacteria},
   Journal = {Lecture Notes in Computer Sciences},
   Volume = {3039},
   Pages = {679-686},
   Year = {2004}
}

@article{Karlin,
   Author = {Karlin, S. and Brendel, V.}, 
   Title = {Chance and Statistical Significance in Protein and DNA Sequence Analysis},
   Journal = {Science},
   Volume = {257},
   Pages = {39-49},
   Year = {1992}
}

@article{UV,
   Author = {Palmeira, L. and Gu{\'e}guen, L. and Lobry, J.R.}, 
   Title = {UV-targeted dinucleotides are not depleted in light-exposed Prokaryotic genomes},
   Journal = {Mol. Biol. Evol.},
   Volume = {000},
   Pages = {000-000},
   Year = {2006},
   Note = "in press"
}

@article{Singer,
   Author = {Singer, C.E. and Ames, B.N.}, 
   Title = {Sunlight Ultraviolet and Bacterial DNA Base Ratios},
   Journal = {Science},
   Volume = {170},
   Pages = {822-826},
   Year = {1970},
}

@article{Bak,
   Author = {Bak, A.L. and Atkins, J.F. and Singer, C.E. and Ames, B.N.}, 
   Title = {Evolution of DNA Base Compositions in Microorganisms},
   Journal = {Science},
   Volume = {175},
   Pages = {1391-1393},
   Year = {1972},
}

@article{Setlow,
   Author = {Setlow, R. B.}, 
   Title = {Cyclobutane-Type Pyrimidine Dimers in Polynucleotides},
   Journal = {Science},
   Volume = {153},
   Pages = {379-386},
   Year = {1966},
}

@article{misuse,
   Author = {Perri{è}re, G. and Thioulouse, J.}, 
   Title = {Use and misuse of correspondence analysis in codon usage studies},
   Journal = {Nucleic Acids Res.},
   Volume = {30},
   Pages = {4548-4555},
 Year = {2002} 
}

@PhDThesis{CG,
   Author = {Gautier, C.},
   Title = {Analyses statistiques et {\'e}volution des s{\'e}quences d'acides nucl{\'e}iques},
   School = {Universit{\'e} Claude Bernard - Lyon I},
   Year = {1987}
}

@article{lobrygautier,
  author = {Lobry, J.R. and Gautier, C.},
  title = {Hydrophobicity, expressivity and aromaticity are the major trends of
      amino-acid usage in 999 \textit{Escherichia coli} chromosome-encoded genes},
  journal = {Nucleic Acids Res},
  year = {1994},
  volume = {22},
  pages = {3174-80}
}

@article{KD,
  author = {Kyte, J. and Doolittle, R.F.},
  title = {A simple method for displaying the hydropathic character of a protein},
  journal = {J. Mol. Biol.},
  year = {1982},
  volume = {157},
  pages = {105-132}
}

@article{kaks,
  author = {Li, W.-H.},
  title = {Unbiased estimation of the rates of synonymous and nonsynonymous substitution},
  journal = {J. Mol. Evol.},
  year = {1993},
  volume = {36},
  pages = {96-99}
}

@article{hurst,
  author = {Hurst, L.D.},
  title = {The {Ka/Ks} ratio: diagnosing the form of sequence evolution},
  journal = {Trends Genet.},
  year = {2002},
  volume = {18},
  pages = {486-487}
}

@article{lobrychessel,
   Author = {Lobry, J.R. and Chessel, D.}, 
   Title = {Internal correspondence analysis of codon and amino-acid usage in thermophilic bacteria},
   Journal = {Journal of Applied Genetics},
   Volume = {44},
   Pages = {235-261},
 Year = {2003}
}

@article{CAI,
   Author = {Sharp, P.M. and Li, W.-H.}, 
   Title = {The codon adaptation index - a measure of directional synonymous codon usage bias, 
     and its potential applications},
   Journal = {Nucleic Acids Research},
   Volume = {15},
   Pages = {1281-1295},
 Year = {1987}
}

@article{oriloc,
author = {Frank, A.C. and Lobry, J.R.},
title = {Oriloc: prediction of replication boundaries in unannotated bacterial
      chromosomes.},
journal = {Bioinformatics},
year = {2000},
volume = {16},
number = {6},
pages = {560-561}
}

@article{smorfland,
   Author = {Mackiewicz, P. and Zakrzewska-Czerwi{\'n}ska, J. and Zawilak, A. and
    Dudek, M.R. and Cebrat, S.}, 
   Title = {Where does bacterial replication start? Rules for predicting the \textit{oriC} region},
   Journal = {Nucleic Acids Research},
   Volume = {32},
   Pages = {3781-3791},
 Year = {2004}
}

@article{HannahMA2005,
   Author = {Hannah, M.A. and Heyer, A.G. and Hincha, D.K.}, 
   Title = {A global survey of gene regulation during cold acclimation in 
    \textit{Arabidopsis thaliana}},
   Journal = {PLoS Genet.},
   Volume = {1},
   Pages = {e26},
 Year = {2005}
}

@article{GarayArroyoA2000,
   Author = {Garay-Arroyo, A. and Colmenero-Flores, J.M. and
    Garciarrubio, A. and Covarrubias, A.A.}, 
   Title = {Highly hydrophilic proteins in prokaryotes and eukaryotes are 
     common during conditions of water deficit},
   Journal = {J. Biol. Chem.},
   Volume = {275},
   Pages = {5668-5674},
 Year = {2000}
}

@article{parafit,
   Author = {Legendre, P. and Desdevises, Y. and Bazin, E.}, 
   Title = {A statistical test for host-parasite coevolution},
   Journal = {Syst. Biol.},
   Volume = {51},
   Pages = {217-234},
 Year = {2002}
}

@article{nj,
   Author = {Saitou, N. and Nei, M.}, 
   Title = {The neighbor-joining method: a new method for reconstructing phylogenetic trees},
   Journal = {Mol. Biol. Evol.},
   Volume = {4},
   Pages = {406-425},
 Year = {1984}
}

@inproceedings{JC,
   Author = {Jukes, T.H. and Cantor, C.R.},
   Title = {Evolution of protein molecules},
   Booktitle = {Mammalian Protein Metabolism},
   Year = {1969},
   Editor = {Munro, H.N.},
   Pages = {21-132},
   Publisher = {Academic Press},
   Address = {New York}
}

@article{K80,
   Author = {Kimura, M.}, 
   Title = {A simple method for estimating evolutionary rates of base substitutions through comparative 
     studies of nucleotide sequences},
   Journal = {J. Mol. Evol.},
   Volume = {16},
   Pages = {111-120},
 Year = {1980}
}

@article{SeaView,
   Author = {Galtier, N. and Gouy, M. and Gautier, C.}, 
   Title = {{SeaView} and {Phylo\_win}, two graphic tools for sequence alignment 
      and molecular phylogeny},
   Journal = {Comput. Applic. Biosci.},
   Volume = {12},
   Pages = {543-548},
 Year = {1996}
}

@article{clustalw,
   Author = {Higgins, D. G. and Sharp, P. M.}, 
   Title = {{CLUSTAL}: a package for performing multiple sequence 
   alignment on a microcomputer},
   Journal = {Gene},
   Volume = {73},
   Pages = {237-244},
 Year = {1988}
}

@article{clustal2005,
   Author = {Wallace, I.M. and Blackshields, G. and Higgins, D.G.}, 
   Title = {Multiple sequence alignments},
   Journal = {Curr. Opin. Struct. Biol.},
   Volume = {15},
   Pages = {261-266},
 Year = {2005}
}

@article{PHYLIP,
   Author = {Felsenstein, J.}, 
   Title = {{PHYLIP}-Phylogeny Inference Package (Version 3.2)},
   Journal = {Cladistics},
   Volume = {5},
   Pages = {164-166},
 Year = {1989}
}

@article{FASTA,
   Author = {Pearson, W.R. and Lipman, D.J.}, 
   Title = {Improved tools for biological sequence comparison},
   Journal = {Proc. Natl. Acad. Sci. USA},
   Volume = {85},
   Pages = {2444-2448},
 Year = {1988}
}

@article{aaindex1,
   Author = {Kawashima, S. and Kanehisa, M.}, 
   Title = {{AAindex}: amino acid index database},
   Journal = {Nucleic Acids Res.},
   Volume = {28},
   Pages = {374-374},
 Year = {2000}
}

@article{aaindex2,
   Author = {Tomii, K. and Kanehisa, M.}, 
   Title = {Analysis of amino acid indices and mutation matrices for sequence 
   comparison and structure prediction of proteins},
   Journal = {Protein Eng.},
   Volume = {9},
   Pages = {27-36},
 Year = {1996}
}

@article{aaindex3,
   Author = {Nakai, K. and Kidera, A. and Kanehisa, M.}, 
   Title = {Cluster analysis of amino acid indices for prediction of protein structure and
       function},
   Journal = {Protein Eng.},
   Volume = {2},
   Pages = {93-100},
 Year = {1988}
}

@PhDThesis{codonW,
   Author = {Peden, J.F.},
   Title = {Analysis of codon usage},
   School = {University of Nottingham},
   Year = {1999}
}
